%% Saved with string encoding Unicode (UTF-8) 

%books
@book{menger1,
  author = {Menger, C.},
  title = {Grunds{\"a}tze der Volkswirtschaftslehre},
  publisher = {Braum{\"u}ller},
  pubcity = {Wenen},
  year = {1982} 
}
%spoken
@misc{shrem3,
  author = "Shrem, C.",
  title = "",
  month = jan,
  year = "2014",
  howpublished = "Webwinkel Vakdagen"
}

@misc{wences1,
  author = "Casares, W.",
  title = "Getting to a Billion Bitcoin Users",
  month = may,
  year = "2014",
  howpublished = "Bitcoin2014 congres"
}
